{"width":80,"height":24,"timeline":[{"d":[["r","Setting up: aliases                                                             "],["a"," "],"d","d","d","d","d","d","d","d","d","d","d","d","d","d","d","d","d","d","d","d","d","d"],"x":1,"B":[["a","0"],"d","d","d","d","d","d","d","d","d","d","d","d","d","d","d","d","d","d","d","d","d","d","d"],"y":2,"b":[["a","0"],"d","d","d","d","d","d","d","d","d","d","d","d","d","d","d","d","d","d","d","d","d","d","d"],"f":[["a","7"],"d","d","d","d","d","d","d","d","d","d","d","d","d","d","d","d","d","d","d","d","d","d","d"],"U":[["a","0"],"d","d","d","d","d","d","d","d","d","d","d","d","d","d","d","d","d","d","d","d","d","d","d"],"t":1372339455.4471,"i":1},{"y":4,"b":[[2,0,"7"]],"d":[[1,0,15,"Setting up: Path"],[2,0,"%"]],"x":1,"f":[[2,0,"0"]],"B":[[2,0,"1"]],"t":1372339455.45371},{"y":6,"b":[["cp",0,2]],"d":[["cp",3,0],["cp",0,1],["cp",0,2],[3,0,79,"lq(~/development/github/make4web/showcase/wmake)()qqqqqqqqqqqqqqqqqqqqqqqqqqqqqq"],[4,0,22,"(zaccaria@macbook:p0)qk"],[5,0,33,"mq(15:24:16 on development ✭)qq>"]],"x":36,"f":[["cp",0,2],[3,0,79,"66022222222222222222222222222222222222222222222000666666666666666666666666666666"],[4,0,22,"06666666602222222222066"],[5,0,10,"64433333333"],[5,15,33,"2222222222266664666"]],"B":[["cp",0,2],[3,["a","1"]],[4,0,22,["a","1"]],[5,0,10,["a","1"]],[5,30,33,["a","1"]]],"t":1372339456.04934},{"y":7,"d":[[6,0,14,"qq(Thu,Jun27)qj"]],"x":1,"f":[[6,0,14,"644333333333446"]],"B":[[6,0,14,["a","1"]]],"t":1372339456.04938},{"y":9,"d":[["cp",0,3],["cp",0,4],[5,0,79,"lq(~/development/github/make4web/showcase/wmake)()qqqqqqqqqqqqqqqqqqqqqqqqqqqqqq"],[6,0,22,"(zaccaria@macbook:p0)qk"],[7,0,35,"mq(15:24:16 on development ✭)qq> l"],[8,0,14,"qq(Thu,Jun27)qj"]],"x":1,"f":[["cp",0,3],["cp",0,4],[5,1,14,"60222222222222"],[5,26,79,"222222222222222222222000666666666666666666666666666666"],[6,0,22,"06666666602222222222066"],[7,0,10,"64433333333"],[7,15,33,"2222222222266664666"],[8,0,14,"644333333333446"]],"B":[["cp",0,3],["cp",0,4],[5,["a","1"]],[6,15,22,["a","1"]],[7,0,10,["a","1"]],[7,30,33,["a","1"]],[8,0,14,["a","1"]]],"t":1372339458.04849},{"y":9,"d":[[8,0,1,"ls"]],"x":3,"f":[[8,0,1,["a","7"]]],"B":[[8,0,1,["a","0"]]],"t":1372339458.23034},{"y":10,"x":1,"t":1372339458.39024},{"y":13,"b":[[11,0,"7"]],"d":[[9,0,16,"README.md   build"],[9,24,29,"deploy"],[9,36,37,"js"],[9,48,68,"makefile.ls ttyrecord"],[10,0,5,"assets"],[10,12,15,"data"],[10,24,31,"examples"],[10,36,43,"makefile"],[10,48,52,"tools"],[11,0,"%"]],"x":1,"f":[[9,12,16,["a","6"]],[9,24,29,["a","6"]],[9,36,37,["a","6"]],[9,48,58,["a","1"]],[10,0,5,["a","6"]],[10,12,15,["a","6"]],[10,24,31,["a","6"]],[10,48,52,["a","6"]],[11,0,"0"]],"B":[[9,12,16,["a","1"]],[9,24,29,["a","1"]],[9,36,37,["a","1"]],[10,0,5,["a","1"]],[10,12,15,["a","1"]],[10,24,31,["a","1"]],[10,48,52,["a","1"]],[11,0,"1"]],"t":1372339458.40533},{"y":15,"b":[["cp",0,11]],"d":[["cp",0,5],["cp",0,6],["cp",0,7],["cp",0,8],["cp",0,9],["cp",0,10],["cp",0,11],[12,0,79,"lq(~/development/github/make4web/showcase/wmake)()qqqqqqqqqqqqqqqqqqqqqqqqqqqqqq"],[13,0,22,"(zaccaria@macbook:p0)qk"],[14,0,33,"mq(15:24:18 on development ✭)qq>"]],"x":36,"f":[["cp",0,5],["cp",0,6],["cp",0,7],["cp",0,8],["cp",0,9],["cp",0,10],["cp",0,11],[12,0,79,"66022222222222222222222222222222222222222222222000666666666666666666666666666666"],[13,0,22,"06666666602222222222066"],[14,0,10,"64433333333"],[14,15,33,"2222222222266664666"]],"B":[["cp",0,5],["cp",0,6],["cp",0,7],["cp",0,8],["cp",0,9],["cp",0,10],["cp",0,11],[12,["a","1"]],[13,0,22,["a","1"]],[14,0,10,["a","1"]],[14,30,33,["a","1"]]],"t":1372339458.50053},{"y":16,"d":[[15,0,14,"qq(Thu,Jun27)qj"]],"x":1,"f":[[15,0,14,"644333333333446"]],"B":[[15,0,14,["a","1"]]],"t":1372339458.50056},{"y":17,"d":[["cp",0,12],["cp",0,13],[14,0,79,"lq(~/development/github/make4web/showcase/wmake)()qqqqqqqqqqqqqqqqqqqqqqqqqqqqqq"],[15,0,22,"(zaccaria@macbook:p0)qk"],[16,0,33,"mq(15:24:18 on development ✭)qq>"]],"x":36,"f":[["cp",0,12],["cp",0,13],[14,1,14,"60222222222222"],[14,26,79,"222222222222222222222000666666666666666666666666666666"],[15,0,22,"06666666602222222222066"],[16,0,10,"64433333333"],[16,15,33,"2222222222266664666"]],"B":[["cp",0,12],["cp",0,13],[14,["a","1"]],[15,15,22,["a","1"]],[16,0,10,["a","1"]],[16,30,33,["a","1"]]],"t":1372339459.02247},{"y":18,"d":[[16,35,"v"],[17,0,14,"qq(Thu,Jun27)qj"]],"x":1,"f":[[17,0,14,"644333333333446"]],"B":[[17,0,14,["a","1"]]],"t":1372339459.02251},{"y":18,"d":[[17,0,1,"vi"]],"x":3,"f":[[17,0,1,["a","7"]]],"B":[[17,0,1,["a","0"]]],"t":1372339459.14216},{"y":18,"d":[[17,2," "]],"x":4,"f":[[17,2,"7"]],"B":[[17,2,"0"]],"t":1372339459.2231},{"y":18,"d":[[17,3,"m"]],"x":5,"f":[[17,3,"7"]],"B":[[17,3,"0"]],"t":1372339459.82272},{"y":18,"d":[[17,4,"a"]],"x":6,"f":[[17,4,"7"]],"B":[[17,4,"0"]],"t":1372339459.94258},{"y":18,"d":[[17,5,10,"kefile"]],"x":12,"f":[[17,5,10,["a","7"]]],"B":[[17,5,10,["a","0"]]],"t":1372339460.01048},{"y":18,"d":[[17,11,"."]],"x":13,"f":[[17,11,"7"]],"B":[[17,11,"0"]],"t":1372339460.70249},{"y":18,"d":[[17,12,"l"]],"x":14,"f":[[17,12,"7"]],"B":[[17,12,"0"]],"t":1372339460.87859},{"y":18,"d":[[17,13,14,"s "]],"x":16,"f":[["cp",0,17]],"B":[[17,13,"0"]],"t":1372339460.97975},{"y":18,"x":15,"B":[["cp",0,17]],"t":1372339461.20604},{"y":19,"x":1,"t":1372339461.20612},{"y":20,"b":[[18,0,"7"]],"d":[[18,0,"%"]],"x":1,"f":[[18,0,"0"]],"B":[[18,0,"1"]],"t":1372339461.34226},{"y":22,"b":[["cp",0,18]],"d":[["cp",0,14],["cp",0,15],["cp",0,16],["cp",0,17],["cp",0,18],[19,0,79,"lq(~/development/github/make4web/showcase/wmake)()qqqqqqqqqqqqqqqqqqqqqqqqqqqqqq"],[20,0,22,"(zaccaria@macbook:p0)qk"],[21,0,33,"mq(15:24:21 on development ✭)qq>"]],"x":36,"f":[["cp",0,14],["cp",0,15],["cp",0,16],["cp",0,18],[19,0,79,"66022222222222222222222222222222222222222222222000666666666666666666666666666666"],[20,0,22,"06666666602222222222066"],[21,0,10,"64433333333"],[21,15,33,"2222222222266664666"]],"B":[["cp",0,14],["cp",0,15],["cp",0,16],["cp",0,18],[19,["a","1"]],[20,0,22,["a","1"]],[21,0,10,["a","1"]],[21,30,33,["a","1"]]],"t":1372339461.45372},{"y":23,"d":[[22,0,14,"qq(Thu,Jun27)qj"]],"x":1,"f":[[22,0,14,"644333333333446"]],"B":[[22,0,14,["a","1"]]],"t":1372339461.45384},{"y":24,"d":[["cp",0,19],["cp",0,20],[21,0,79,"lq(~/development/github/make4web/showcase/wmake)()qqqqqqqqqqqqqqqqqqqqqqqqqqqqqq"],[22,0,22,"(zaccaria@macbook:p0)qk"],[23,0,33,"mq(15:24:21 on development ✭)qq>"]],"x":36,"f":[["cp",0,19],["cp",0,20],[21,1,14,"60222222222222"],[21,26,79,"222222222222222222222000666666666666666666666666666666"],[22,0,22,"06666666602222222222066"],[23,0,10,"64433333333"],[23,15,33,"2222222222266664666"]],"B":[["cp",0,19],["cp",0,20],[21,["a","1"]],[22,15,22,["a","1"]],[23,0,10,["a","1"]],[23,30,33,["a","1"]]],"t":1372339468.36722},{"y":24,"d":[["cp",21,20],["cp",22,21],[22,0,35,"mq(15:24:21 on development ✭)qq> /"],[23,0,33,"qq(Thu,Jun27)qj                   "]],"x":1,"f":[["cp",21,20],["cp",22,21],["cp",23,22],[23,11,33,"34467777777777777777777"]],"B":[["cp",21,20],["cp",22,21],["cp",23,22],[23,11,14,["a","1"]],[23,30,33,["a","0"]]],"t":1372339468.36733},{"y":24,"d":[[23,0,1,"/u"]],"x":3,"f":[[23,0,1,["a","7"]]],"B":[[23,0,1,["a","0"]]],"t":1372339468.64615},{"y":24,"d":[[23,2,"s"]],"x":4,"f":[[23,2,"7"]],"B":[[23,2,"0"]],"t":1372339468.7104},{"y":24,"d":[[23,3,4,"r/"]],"x":6,"f":[[23,3,4,["a","7"]]],"B":[[23,3,"0"]],"t":1372339468.83718},{"y":24,"d":[[23,5,"l"]],"x":7,"f":[[23,5,"7"]],"B":[[23,4,5,["a","0"]]],"t":1372339469.06901},{"y":24,"d":[[23,6,"o"]],"x":8,"f":[[23,6,"7"]],"B":[[23,6,"0"]],"t":1372339469.21395},{"y":24,"d":[[23,7,10,"cal/"]],"x":12,"f":[[23,7,10,["a","7"]]],"B":[[23,7,9,["a","0"]]],"t":1372339469.33172},{"y":24,"d":[[23,11,"b"]],"x":13,"f":[[23,11,"7"]],"B":[[23,10,11,["a","0"]]],"t":1372339469.60626},{"y":24,"d":[[23,11," "]],"x":12,"t":1372339470.63014},{"y":24,"d":[[23,11,"v"]],"x":13,"t":1372339470.83821},{"y":24,"d":[[23,12,14,"ar/"]],"x":16,"f":[["cp",0,23]],"B":[[23,12,13,["a","0"]]],"t":1372339470.94648},{"y":24,"d":[[23,14," "]],"x":15,"B":[["cp",0,23]],"t":1372339471.52577},{"y":24,"d":[[23,13," "]],"x":14,"t":1372339471.67006},{"y":24,"d":[[23,12," "]],"x":13,"t":1372339471.80593},{"y":24,"d":[[23,11," "]],"x":12,"t":1372339471.9261},{"y":24,"d":[[23,11,"b"]],"x":13,"t":1372339472.15811},{"y":24,"d":[[23,12,"i"]],"x":14,"t":1372339472.30158},{"y":24,"d":[[23,13,14,"n/"]],"x":16,"B":[[23,14,"1"]],"t":1372339472.37024},{"y":24,"d":[[23,15,"v"]],"x":17,"B":[["cp",0,23]],"t":1372339472.81423},{"y":24,"d":[[23,16,"i"]],"x":18,"t":1372339473.20609},{"y":24,"d":[[23,17,24,"ewertest"]],"x":27,"B":[[23,25,"1"]],"t":1372339473.26806},{"y":24,"d":[["cp",20,19],["cp",21,20],["cp",22,21],["cp",23,22],["cp",0,23]],"x":1,"f":[["cp",20,19],["cp",21,20],["cp",22,21],["cp",0,22]],"B":[["cp",20,19],["cp",21,20],["cp",22,21],["cp",23,22],["cp",0,23]],"t":1372339474.04589},{"y":24,"b":[[22,0,"7"]],"d":[["cp",19,18],["cp",20,19],["cp",21,20],["cp",22,21],[22,0,24,"%                        "]],"x":1,"f":[["cp",19,18],["cp",20,19],["cp",21,20],["cp",0,21],[22,0,"0"]],"B":[["cp",19,18],["cp",20,19],["cp",21,20],["cp",22,21],[22,0,"1"],[22,25,"0"]],"t":1372339474.04662},{"y":24,"b":[["cp",0,22]],"d":[["cp",0,18],["cp",0,19],["cp",0,20],[21,0,79,"lq(~/development/github/make4web/showcase/wmake)()qqqqqqqqqqqqqqqqqqqqqqqqqqqqqq"],[22,0,22,"(zaccaria@macbook:p0)qk"],[23,0,33,"mq(15:24:34 on development ✭)qq>"]],"x":36,"f":[["cp",0,18],["cp",0,19],["cp",0,20],[21,0,79,"66022222222222222222222222222222222222222222222000666666666666666666666666666666"],[22,1,22,"6666666602222222222066"],[23,0,10,"64433333333"],[23,15,33,"2222222222266664666"]],"B":[["cp",0,18],["cp",0,19],["cp",0,20],[21,["a","1"]],[22,1,22,["a","1"]],[23,0,10,["a","1"]],[23,30,33,["a","1"]]],"t":1372339474.13561},{"y":24,"d":[["cp",21,20],["cp",22,21],["cp",23,22],[23,0,33,"1 ↵ qq(Thu,Jun27)qj             "]],"x":1,"f":[["cp",21,20],["cp",22,21],["cp",23,22],[23,0,33,"1111116443333333334467777777777777"]],"B":[["cp",21,20],["cp",22,21],["cp",23,22],[23,0,5,["a","0"]],[23,11,20,["a","1"]],[23,30,33,["a","0"]]],"t":1372339474.13564},{"y":24,"d":[["cp",0,20],[21,0,79,"lq(~/development/github/make4web/showcase/wmake)()qqqqqqqqqqqqqqqqqqqqqqqqqqqqqq"],[22,0,33,"(zaccaria@macbook:p0)qk           "],[23,0,33,"mq(15:24:34 on development ✭)qq>"]],"x":36,"f":[["cp",0,20],[21,0,9,"6602222222"],[21,20,79,"222222222222222222222222222000666666666666666666666666666666"],[22,0,14,"066666666022222"],[22,20,33,"06677777777777"],[23,0,33,"6443333333377772222222222266664666"]],"B":[["cp",0,20],[21,["a","1"]],[22,11,22,["a","1"]],[22,30,33,["a","0"]],[23,0,5,["a","1"]],[23,11,20,["a","0"]],[23,30,33,["a","1"]]],"t":1372339474.52618},{"y":24,"d":[["cp",21,20],["cp",22,21],[22,0,35,"mq(15:24:34 on development ✭)qq> /"],[23,0,33,"1 ↵ qq(Thu,Jun27)qj             "]],"x":1,"f":[["cp",21,20],["cp",22,21],["cp",23,22],[23,0,33,"1111116443333333334467777777777777"]],"B":[["cp",21,20],["cp",22,21],["cp",23,22],[23,0,5,["a","0"]],[23,11,20,["a","1"]],[23,30,33,["a","0"]]],"t":1372339474.52623},{"y":24,"d":[[23,0,1,"/u"]],"x":3,"f":[[23,0,1,["a","7"]]],"t":1372339475.22225},{"y":24,"d":[[23,2,"s"]],"x":4,"f":[[23,2,"7"]],"t":1372339475.28616},{"y":24,"d":[[23,3,4,"r/"]],"x":6,"f":[[23,3,4,["a","7"]]],"B":[[23,4,"1"]],"t":1372339475.38088},{"y":24,"d":[[23,5,"b"]],"x":7,"f":[[23,5,"7"]],"B":[[23,4,"0"]],"t":1372339475.71814},{"y":24,"d":[[23,6,"i"]],"x":8,"f":[[23,6,"7"]],"B":[[23,6,"0"]],"t":1372339475.94201},{"y":24,"d":[[23,7,8,"n/"]],"x":10,"f":[[23,7,8,["a","7"]]],"B":[[23,7,"0"]],"t":1372339476.06434},{"y":24,"d":[[23,9,"v"]],"x":11,"f":[[23,9,"7"]],"B":[[23,8,9,["a","0"]]],"t":1372339476.64615},{"y":24,"d":[[23,10,"i"]],"x":12,"f":[[23,10,"7"]],"B":[[23,10,"0"]],"t":1372339476.86238},{"y":24,"x":12,"t":1372339476.95522},{"y":24,"d":[["cp",0,20],["cp",0,21],[22,0,45,"                                   /usr/bin/vi"],[23,0,10,"1 ↵ qq(Th"]],"x":1,"f":[["cp",0,20],["cp",0,21],["cp",0,22],[23,0,10,"11111164433"]],"B":[["cp",0,20],["cp",0,21],["cp",0,22],[23,6,10,["a","1"]]],"t":1372339476.95536},{"y":24,"d":[[23,0,"m"]],"x":2,"f":[[23,0,"7"]],"t":1372339478.05416},{"y":24,"d":[["cp",0,22],["cp",0,23]],"x":1,"f":[["cp",0,23]],"B":[["cp",0,23]],"t":1372339478.63761},{"y":24,"x":1,"t":1372339478.73717},{"y":1,"d":[[0,0,"~"],["cp",0,1],["cp",0,2],["cp",0,3],["cp",0,4],["cp",0,5],["cp",0,6],["cp",0,7],["cp",0,8],["cp",0,9],["cp",0,10],["cp",0,11],["cp",0,12],["cp",0,13],["cp",0,14],["cp",0,15],["cp",0,16],["cp",0,17],["cp",0,18],[19,0,"~"],[19,43,59,"VIM - Vi IMproved"],["cp",0,20],[21,0,"~"],[21,46,56,"version 7.3"],[22,40,63,"by Bram Moolenaar et al."],[22,79,"0"],[23,0,3,",0-1"],[23,13,15,"All"],[23,29,74,"type  :help version7<Enter>   for version info"]],"x":1,"f":[[23,49,55,["a","4"]]],"t":1372339478.74146},{"y":1,"d":[[23,76,":"]],"x":1,"t":1372339480.02972},{"y":24,"d":[[23,0,":"],[23,76," "]],"x":2,"t":1372339480.03012},{"y":24,"d":[[23,1,"q"]],"x":3,"t":1372339480.28468},{"y":24,"d":[[23,2,"!"]],"x":4,"t":1372339480.51805},{"y":24,"x":1,"t":1372339480.84572},{"y":24,"b":[[22,0,"7"]],"d":[["cp",19,18],["cp",0,19],["cp",21,20],["cp",22,21],[22,0,"%"],[22,40,63,["a"," "]],[22,79," "],[23,["a"," "]]],"x":1,"f":[[22,0,"0"],["cp",0,23]],"B":[[22,0,"1"]],"t":1372339480.85019},{"y":24,"b":[["cp",0,22]],"d":[["cp",23,0],["cp",0,1],["cp",0,2],["cp",0,3],["cp",0,4],["cp",0,5],["cp",0,6],["cp",0,7],["cp",0,8],["cp",0,9],["cp",0,10],["cp",0,11],["cp",0,12],["cp",0,13],["cp",0,14],["cp",0,15],["cp",0,16],["cp",0,17],["cp",0,18],["cp",0,19],["cp",0,20],[21,0,79,"lq(~/development/github/make4web/showcase/wmake)()qqqqqqqqqqqqqqqqqqqqqqqqqqqqqq"],[22,0,22,"(zaccaria@macbook:p0)qk"],[23,0,33,"mq(15:24:40 on development ✭)qq>"]],"x":36,"f":[[21,0,79,"66022222222222222222222222222222222222222222222000666666666666666666666666666666"],[22,1,22,"6666666602222222222066"],[23,0,10,"64433333333"],[23,15,33,"2222222222266664666"]],"B":[[21,["a","1"]],[22,1,22,["a","1"]],[23,0,10,["a","1"]],[23,30,33,["a","1"]]],"t":1372339480.93625},{"y":24,"d":[["cp",21,20],["cp",22,21],["cp",23,22],[23,0,33,"qq(Thu,Jun27)qj                   "]],"x":1,"f":[["cp",21,20],["cp",22,21],["cp",23,22],[23,11,33,"34467777777777777777777"]],"B":[["cp",21,20],["cp",22,21],["cp",23,22],[23,11,14,["a","1"]],[23,30,33,["a","0"]]],"t":1372339480.9363},{"y":24,"d":[["cp",0,20],[21,0,79,"lq(~/development/github/make4web/showcase/wmake)()qqqqqqqqqqqqqqqqqqqqqqqqqqqqqq"],[22,0,33,"(zaccaria@macbook:p0)qk           "],[23,0,33,"mq(15:24:41 on development ✭)qq>"]],"x":36,"f":[["cp",0,20],[21,0,9,"6602222222"],[21,20,79,"222222222222222222222222222000666666666666666666666666666666"],[22,0,14,"066666666022222"],[22,20,33,"06677777777777"],[23,11,33,"77772222222222266664666"]],"B":[["cp",0,20],[21,["a","1"]],[22,11,22,["a","1"]],[22,30,33,["a","0"]],[23,11,14,["a","0"]],[23,30,33,["a","1"]]],"t":1372339481.33403},{"y":24,"d":[["cp",21,20],["cp",22,21],[22,0,35,"mq(15:24:41 on development ✭)qq> e"],[23,0,33,"qq(Thu,Jun27)qj                   "]],"x":1,"f":[["cp",21,20],["cp",22,21],["cp",23,22],[23,11,33,"34467777777777777777777"]],"B":[["cp",21,20],["cp",22,21],["cp",23,22],[23,11,14,["a","1"]],[23,30,33,["a","0"]]],"t":1372339481.33408},{"y":24,"d":[[23,0,1,"ex"]],"x":3,"f":[[23,0,1,["a","7"]]],"B":[[23,0,1,["a","0"]]],"t":1372339481.55014},{"y":24,"d":[[23,2,"i"]],"x":4,"f":[[23,2,"7"]],"B":[[23,2,"0"]],"t":1372339481.66992},{"y":24,"d":[[23,3,"t"]],"x":5,"f":[[23,3,"7"]],"B":[[23,3,"0"]],"t":1372339481.8062},{"y":24,"d":[["cp",20,19],["cp",21,20],["cp",22,21],["cp",23,22],["cp",0,23]],"x":1,"f":[["cp",20,19],["cp",21,20],["cp",22,21],["cp",23,22],["cp",0,23]],"B":[["cp",20,19],["cp",21,20],["cp",22,21],["cp",23,22],["cp",0,23]],"t":1372339481.94967}]}